<record><leader>00000cas a22000007a 4500</leader><controlfield tag="001">32338754</controlfield><controlfield tag="008">950420d19441970nyuwr ne      0    0eng d</controlfield><datafield ind1=" " ind2=" " tag="010"><subfield code="a">sn 95071122 </subfield></datafield><datafield ind1=" " ind2=" " tag="040"><subfield code="a">NYS</subfield><subfield code="b">eng</subfield><subfield code="c">NYS</subfield><subfield code="d">OCLCQ</subfield></datafield><datafield ind1=" " ind2=" " tag="042"><subfield code="a">msc</subfield></datafield><datafield ind1="0" ind2="0" tag="245"><subfield code="a">Clarence press.</subfield></datafield><datafield ind1=" " ind2=" " tag="260"><subfield code="a">Clarence, N.Y. :</subfield><subfield code="b">Clarence Press</subfield></datafield><datafield ind1=" " ind2=" " tag="300"><subfield code="a">v.</subfield></datafield><datafield ind1=" " ind2=" " tag="310"><subfield code="a">Weekly,</subfield><subfield code="b">Sept. 10, 1948-1970</subfield></datafield><datafield ind1=" " ind2=" " tag="321"><subfield code="a">Biweekly,</subfield><subfield code="b">&lt;1947&gt;-Aug. 27, 1948</subfield></datafield><datafield ind1="1" ind2=" " tag="362"><subfield code="a">Began in 1944.</subfield><subfield code="z">Cf. Jan. 14, 1965 issue.</subfield></datafield><datafield ind1="0" ind2=" " tag="362"><subfield code="a">-33rd year, no. 22 (Apr. 29, 1970).</subfield></datafield><datafield ind1=" " ind2=" " tag="500"><subfield code="a">"Official newspaper, Town of Clarence," &lt;1965&gt;.</subfield></datafield><datafield ind1=" " ind2=" " tag="588"><subfield code="a">Description based on: Vol. 10, no. 23 (Oct. 10, 1947).</subfield></datafield><datafield ind1=" " ind2="4" tag="651"><subfield code="a">Clarence (N.Y.)</subfield><subfield code="v">Newspapers.</subfield></datafield><datafield ind1=" " ind2="4" tag="651"><subfield code="a">Clarence (N.Y. : Town)</subfield><subfield code="x">Newspapers</subfield><subfield code="y">1965.</subfield></datafield><datafield ind1=" " ind2="4" tag="651"><subfield code="a">Erie County (N.Y.)</subfield><subfield code="v">Newspapers.</subfield></datafield><datafield ind1=" " ind2=" " tag="752"><subfield code="a">United States</subfield><subfield code="b">New York</subfield><subfield code="c">Erie</subfield><subfield code="d">Clarence.</subfield></datafield><datafield ind1="0" ind2="0" tag="780"><subfield code="t">Good news press</subfield></datafield><datafield ind1="0" ind2="5" tag="780"><subfield code="t">Akron herald</subfield><subfield code="w">(DLC)sn 95071163</subfield><subfield code="w">(OCoLC)32402532</subfield></datafield><datafield ind1="0" ind2="0" tag="785"><subfield code="t">Clarence bee</subfield><subfield code="w">(DLC)sn 95071138</subfield><subfield code="w">(OCoLC)32402836</subfield></datafield><datafield ind1="1" ind2=" " tag="029"><subfield code="a">AU@</subfield><subfield code="b">000011677547</subfield></datafield></record>